% Long Journal, Conferences names for bib files
%
% AUTHOR: Hagen Wierstorf

% Journals
@string{aa={Archives of Acoustics}}
@string{ae={Atmospheric Environment}}
@string{acm={ACM Transactions on Applied Perception}}
@string{acta={Acta Acustica}}
@string{actaunited={Acta Acustica united with Acustica}}
@string{acustica={Acustica}}
@string{am={Advanced Materials}}
@string{ajp={The American Journal of Psychology}}
@string{ahse={Advances in Health Sciences Education}}
@string{arlo={Acoustics Research Letters Online}}
@string{basi={Bulletin of the Astronomical Society of India}}
@string{bjp={British Journal of Psychology}}
@string{brain={Brain}}
@string{br={Brain Research}}
@string{bbr={Behavioural Brain Research}}
@string{cc={Cerebral Cortex}}
@string{cmj={Computer Music Journal}}
@string{cognition={Cognition}}
@string{con={Current Opinion in Neurobiology}}
@string{cse={Computing in Science \& Engineering}}
@string{electromagnetics={Electromagnetics}}
@string{ep={Ecological Psychology}}
@string{experientia={Experientia}}
@string{ieee={Proceedings of the IEEE}}
@string{ieeemm={IEEE Multimedia}}
@string{ieot={Integral Equations and Operator Theory}}
@string{ijp={International Journal of Psychology}}
@string{jaes={Journal of the Audio Engineering Society}}
@string{jasa={The Journal of the Acoustical Society of America}}
@string{jasp={EURASIP Journal on Advances in Signal Processing}}
@string{jcb={The Journal of Cell Biology}}
@string{jcpp={Journal of Comparative and Physiological Psychology}}
@string{jep={Journal of Environmental Psychology}}
@string{jfs={Journal of Food Science}}
@string{jis={Journal of Insect Science}}
@string{jise={Journal of Information Science and Engineering}}
@string{jn={Journal of Neurophysiology}}
@string{josa={Journal of the Optical Society of America}}
@string{josaa={Journal of the Optical Society of America A}}
@string{josab={Journal of the Optical Society of America B}}
@string{jsac={IEEE Journal on Selected Areas in Communications}}
@string{jsci={Journal of Systemics, Cybernetics and Informatics}}
@string{jss={Journal of Sensory Studies}}
@string{langmuir={Langmuir}}
@string{nature={Nature}}
@string{nc={Neural Computation}}
@string{neuron={Neuron}}
@string{nn={Nature Neuroscience}}
@string{pb={Psychological Bulletin}}
@string{plosbio={PLoS Biology}}
@string{plosmed={PLoS Medicine}}
@string{pm={Philosophical Magazine}}
@string{pnas={Proceedings of the National Academy of Sciences of the United States of America}}
@string{pr={Physical Review}}
@string{prl={Physical Review Letters}}
@string{ps={Psychological Science}}
@string{psr={Psychological Reviews}}
@string{ptrsb={Philosophical Transactions of the Royal Society B}}
@string{science={Science}}
@string{smpte={Journal of the SMPTE}}
@string{speechcom={Speech Communication}}
@string{spm={IEEE Signal Processing Magazine}}
@string{taslp={IEEE Transactions on Audio, Speech, and Language Processing}}
@string{tn={Trends in Neurosciences}}

% Conferences
@string{ambisonics={International Symposium on Ambisonics and Spherical Acoustics}}
@string{chi={Conference on Human Factors in Computing Systems}}
@string{dafx={International Conference on Digital Audio Effects}}
@string{dgmp={German Annual Conference of Medical Physics}}
@string{eusipco={European Signal Processing Conference}}
@string{forumacusticum={FORUM ACUSTICUM}}
@string{icad={International Conference on Auditory Display}}
@string{icassp={IEEE International Conference on Acoustics, Speech, and Signal Processing}}
@string{icsa={International Conference on Spatial Audio}}
@string{internoise={International Congress and Exposition on Noise Control Engineering}}
@string{interspeech={Annual Conference of the International Speech Communication Association}}
@string{isaar={International Symposium on Auditory and Audiological Research}}
@string{iscas={IEEE International Symposium on Circuits and Systems}}
@string{isccsp={International Symposium on Communications, Control and Signal Processing}}
@string{ish={International Symposium on Hearing}}
@string{isit={International Symposium on Information Theory}}
@string{isra={International Symposium on Room Acoustics}}
@string{isvc={International Symposium on Visual Computing}}
@string{lsas={International Workshop on Learning Semantics of Audio Signals}}
@string{menschcomp={Mensch und Computer}}
@string{noise={International Congress on Noise as a Public Health Problem}}
@string{pcm={IEEE Pacific-Rim Conference on Multimedia}}
@string{qomex={International Workshop on Quality of Multimedia Experience}}
@string{tonmeistertagung={Tonmeister Tagung}}
@string{waspaa={IEEE Workshop on Applications of Signal Processing to Audio and Acoustics}}

% Workshops
@string{spatialsensory={Spatial Audio and Sensory Evaluation Techniques}}

% DAGA
@string{daga2004={Proceedings of the Joint Congress CFA/DAGA}}
@string{daga2008={34th German Annual Conference on Acoustics}}
@string{daga2009={35th German Annual Conference on Acoustics}}
@string{daga2010={36th German Annual Conference on Acoustics}}
@string{daga2011={37th German Annual Conference on Acoustics}}
@string{daga2012={38th German Annual Conference on Acoustics}}
@string{daga2013={39th German Annual Conference on Acoustics}}

% EUSIPCO
@string{eusipco2012={20th European Signal Processing Conference}}
@string{eusipco2011={19th European Signal Processing Conference}}
@string{eusipco2010={18th European Signal Processing Conference}}
@string{eusipco2009={17th European Signal Processing Conference}}
@string{eusipco2008={16th European Signal Processing Conference}}
@string{eusipco2007={15th European Signal Processing Conference}}
@string{eusipco2006={14th European Signal Processing Conference}}
@string{eusipco2005={13th European Signal Processing Conference}}
@string{eusipco2004={12th European Signal Processing Conference}}
@string{eusipco2002={11th European Signal Processing Conference}}

% ICA
@string{ica1953={1st International Congress on Acoustics}}
@string{ica1956={2nd International Congress on Acoustics}}
@string{ica1959={3rd International Congress on Acoustics}}
@string{ica1962={4th International Congress on Acoustics}}
@string{ica1965={5th International Congress on Acoustics}}
@string{ica1968={6th International Congress on Acoustics}}
@string{ica1971={7th International Congress on Acoustics}}
@string{ica1974={8th International Congress on Acoustics}}
@string{ica1977={9th International Congress on Acoustics}}
@string{ica1980={10th International Congress on Acoustics}}
@string{ica1983={11th International Congress on Acoustics}}
@string{ica1986={12th International Congress on Acoustics}}
@string{ica1989={13th International Congress on Acoustics}}
@string{ica1992={14th International Congress on Acoustics}}
@string{ica1995={15th International Congress on Acoustics}}
@string{ica1998={16th International Congress on Acoustics}}
@string{ica2001={17th International Congress on Acoustics}}
@string{ica2004={18th International Congress on Acoustics}}
@string{ica2007={19th International Congress on Acoustics}}
@string{ica2010={20th International Congress on Acoustics}}
@string{ica2013={21st International Congress on Acoustics}}

% AES Conferences
@string{aesc1={1st Audio Engineering Society Conference}}
@string{aesc2={2nd Audio Engineering Society Conference}}
@string{aesc3={3rd Audio Engineering Society Conference}}
@string{aesc4={4th Audio Engineering Society Conference}}
@string{aesc5={5th Audio Engineering Society Conference}}
@string{aesc6={6th Audio Engineering Society Conference}}
@string{aesc7={7th Audio Engineering Society Conference}}
@string{aesc8={8th Audio Engineering Society Conference}}
@string{aesc9={9th Audio Engineering Society Conference}}
@string{aesc10={10th Audio Engineering Society Conference}}
@string{aesc11={11th Audio Engineering Society Conference}}
@string{aesc12={12th Audio Engineering Society Conference}}
@string{aesc13={13th Audio Engineering Society Conference}}
@string{aesc14={14th Audio Engineering Society Conference}}
@string{aesc15={15th Audio Engineering Society Conference}}
@string{aesc16={16th Audio Engineering Society Conference}}
@string{aesc17={17th Audio Engineering Society Conference}}
@string{aesc18={18th Audio Engineering Society Conference}}
@string{aesc19={19th Audio Engineering Society Conference}}
@string{aesc20={20th Audio Engineering Society Conference}}
@string{aesc21={21st Audio Engineering Society Conference}}
@string{aesc22={22nd Audio Engineering Society Conference}}
@string{aesc23={23rd Audio Engineering Society Conference}}
@string{aesc24={24th Audio Engineering Society Conference}}
@string{aesc25={25th Audio Engineering Society Conference}}
@string{aesc26={26th Audio Engineering Society Conference}}
@string{aesc27={27th Audio Engineering Society Conference}}
@string{aesc28={28th Audio Engineering Society Conference}}
@string{aesc29={29th Audio Engineering Society Conference}}
@string{aesc30={30th Audio Engineering Society Conference}}
@string{aesc31={31st Audio Engineering Society Conference}}
@string{aesc32={32nd Audio Engineering Society Conference}}
@string{aesc33={33rd Audio Engineering Society Conference}}
@string{aesc34={34th Audio Engineering Society Conference}}
@string{aesc35={35th Audio Engineering Society Conference}}
@string{aesc36={36th Audio Engineering Society Conference}}
@string{aesc37={37th Audio Engineering Society Conference}}
@string{aesc38={38th Audio Engineering Society Conference}}
@string{aesc39={39th Audio Engineering Society Conference}}
@string{aesc40={40th Audio Engineering Society Conference}}
@string{aesc41={41st Audio Engineering Society Conference}}
@string{aesc42={42nd Audio Engineering Society Conference}}
@string{aesc43={43rd Audio Engineering Society Conference}}
@string{aesc44={44th Audio Engineering Society Conference}}
@string{aesc45={45th Audio Engineering Society Conference}}
@string{aesc52={52nd Audio Engineering Society Conference}}
@string{aesc55={55th Audio Engineering Society Conference}}

% AES Conventions
@string{aes70={70th Audio Engineering Society Convention}}
@string{aes71={71st Audio Engineering Society Convention}}
@string{aes72={72nd Audio Engineering Society Convention}}
@string{aes73={73rd Audio Engineering Society Convention}}
@string{aes74={74th Audio Engineering Society Convention}}
@string{aes75={75th Audio Engineering Society Convention}}
@string{aes76={76th Audio Engineering Society Convention}}
@string{aes77={77th Audio Engineering Society Convention}}
@string{aes78={78th Audio Engineering Society Convention}}
@string{aes79={79th Audio Engineering Society Convention}}
@string{aes80={80th Audio Engineering Society Convention}}
@string{aes81={81st Audio Engineering Society Convention}}
@string{aes82={82nd Audio Engineering Society Convention}}
@string{aes83={83rd Audio Engineering Society Convention}}
@string{aes84={84th Audio Engineering Society Convention}}
@string{aes85={85th Audio Engineering Society Convention}}
@string{aes86={86th Audio Engineering Society Convention}}
@string{aes87={87th Audio Engineering Society Convention}}
@string{aes88={88th Audio Engineering Society Convention}}
@string{aes89={89th Audio Engineering Society Convention}}
@string{aes90={90th Audio Engineering Society Convention}}
@string{aes91={91st Audio Engineering Society Convention}}
@string{aes92={92nd Audio Engineering Society Convention}}
@string{aes93={93rd Audio Engineering Society Convention}}
@string{aes94={94th Audio Engineering Society Convention}}
@string{aes95={95th Audio Engineering Society Convention}}
@string{aes96={96th Audio Engineering Society Convention}}
@string{aes97={97th Audio Engineering Society Convention}}
@string{aes98={98th Audio Engineering Society Convention}}
@string{aes99={99th Audio Engineering Society Convention}}
@string{aes100={100th Audio Engineering Society Convention}}
@string{aes101={101st Audio Engineering Society Convention}}
@string{aes102={102nd Audio Engineering Society Convention}}
@string{aes103={103rd Audio Engineering Society Convention}}
@string{aes104={104th Audio Engineering Society Convention}}
@string{aes105={105th Audio Engineering Society Convention}}
@string{aes106={106th Audio Engineering Society Convention}}
@string{aes107={107th Audio Engineering Society Convention}}
@string{aes108={108th Audio Engineering Society Convention}}
@string{aes109={109th Audio Engineering Society Convention}}
@string{aes110={110th Audio Engineering Society Convention}}
@string{aes111={111th Audio Engineering Society Convention}}
@string{aes112={112th Audio Engineering Society Convention}}
@string{aes113={113th Audio Engineering Society Convention}}
@string{aes114={114th Audio Engineering Society Convention}}
@string{aes115={115th Audio Engineering Society Convention}}
@string{aes116={116th Audio Engineering Society Convention}}
@string{aes117={117th Audio Engineering Society Convention}}
@string{aes118={118th Audio Engineering Society Convention}}
@string{aes119={119th Audio Engineering Society Convention}}
@string{aes120={120th Audio Engineering Society Convention}}
@string{aes121={121st Audio Engineering Society Convention}}
@string{aes122={122nd Audio Engineering Society Convention}}
@string{aes123={123rd Audio Engineering Society Convention}}
@string{aes124={124th Audio Engineering Society Convention}}
@string{aes125={125th Audio Engineering Society Convention}}
@string{aes126={126th Audio Engineering Society Convention}}
@string{aes127={127th Audio Engineering Society Convention}}
@string{aes128={128th Audio Engineering Society Convention}}
@string{aes129={129th Audio Engineering Society Convention}}
@string{aes130={130th Audio Engineering Society Convention}}
@string{aes131={131st Audio Engineering Society Convention}}
@string{aes132={132nd Audio Engineering Society Convention}}
@string{aes133={133rd Audio Engineering Society Convention}}
@string{aes134={134th Audio Engineering Society Convention}}
@string{aes135={135th Audio Engineering Society Convention}}


% vim:textwidth=120:
