Automatically generated by Mendeley Desktop 1.10.1
Any changes to this file will be lost if it is regenerated by Mendeley.

BibTeX export options can be customized via Options -> BibTeX in Mendeley Desktop

@article{Fazi2013,
author = {Fazi, Filippo M and Nelson, Philip A},
title = {{Sound field reproduction as an equivalent acoustical scattering
    problem}},
journal = JASA,
number = {5},
volume = {134},
pages = {3721--9},
year = {2013}
}

@report{Popko2013,
author = {Popko, Reinhild},
publisher = {Technische Universit\"{a}t Berlin},
institution = {Technische Universit\"{a}t Berlin},
title = {{Zur H\"{o}rbarkeit und Interpolation von Kopf-\"{u}ber-Torso-Orientierungen bei Aufnahmen mit einem Kopf-und-Torso-Simulator}},
year = {2013}
}
@phdthesis{Masiero2012,
author = {Masiero, Bruno Sanches},
school = {RWTH Aachen},
title = {{Individualized Binaural Technology}},
year = {2012}
}
@inproceedings{Hess2004,
author = {Hess, Wolfgang},
booktitle = AES117,
pages = {Paper 6288},
title = {{Influence of head-tracking on spatial perception}},
year = {2004}
}
@inproceedings{Ahrens2009c,
author = {Ahrens, Jens and Spors, Sascha},
booktitle = AES127,
pages = {Paper 7952},
title = {{On the Secondary Source Type Mismatch in Wave Field Synthesis Employing Circular Distributions of Loudspeakers}},
year = {2009}
}
@article{Yon2003,
author = {Yon, Sylvain and Tanter, Mickael and Fink, Mathias},
journal = JASA,
number = {3},
pages = {1533--43},
title = {{Sound focusing in rooms: The time-reversal approach}},
volume = {113},
year = {2003}
}
@article{Brand2002,
author = {Brand, Antje and Behrend, Oliver and Marquardt, Torsten and McAlpine, David and Grothe, Benedikt},
journal = Nature,
number = {6888},
pages = {543--47},
title = {{Precise inhibition is essential for microsecond interaural time difference coding}},
volume = {417},
year = {2002}
}
@book{Moore2012a,
address = {Bingley},
author = {Moore, Brian C J},
publisher = {Emerald},
title = {{An Introduction to the Psychology of Hearing}},
year = {2012}
}
@article{Grothe2010,
author = {Grothe, Benedikt and Pecka, Michael and McAlpine, David},
journal = {Physiological Reviews},
pages = {983--1012},
title = {{Mechanisms of Sound Localization in Mammals}},
volume = {90},
year = {2010}
}
@article{Makous1990,
author = {Makous, J C and Middlebrooks, John C},
journal = JASA,
number = {5},
pages = {2188--200},
title = {{Two-dimensional sound localization by human listeners.}},
volume = {87},
year = {1990}
}
@inproceedings{Spors2011b,
author = {Spors, Sascha and Kuscher, Vincent and Ahrens, Jens},
booktitle = WASPAA,
pages = {61--64},
title = {{Efficient realization of model-based rendering for 2.5-dimensional near-field compensated higher order Ambisonics}},
year = {2011}
}
@article{Gerzon1973,
author = {Gerzon, Michael A},
journal = JAES,
number = {1},
pages = {2--10},
title = {{Periphony: With-Height Sound Reproduction}},
volume = {21},
year = {1973}
}
@article{Jeffress1948,
author = {Jeffress, L A},
journal = JCPP,
number = {1},
pages = {35--9},
title = {{A place theory of sound localization.}},
volume = {41},
year = {1948}
}
@book{Tufte2011,
address = {Cheshire},
author = {Tufte, Edward R},
publisher = {Graphics Press LLC},
title = {{Envisioning Information}},
year = {2011}
}
@phdthesis{Verheijen1997,
author = {Verheijen, Edwin},
school = {Technische Universiteit Delft},
title = {{Sound Reproduction by Wave Field Synthesis}},
year = {1997}
}
@phdthesis{Emiroglu2007,
author = {Emiroglu, Suzan Selma},
school = {Carl-von-Ossietzky-Universit\"{a}t Oldenburg},
title = {{Timbre perception and object separation with normal and impaired hearing}},
year = {2007}
}
@article{Ince2012,
author = {Ince, Darrel C. and Hatton, Leslie and Graham-Cumming, John},
journal = Nature,
number = {7386},
pages = {485--88},
publisher = {Nature Publishing Group},
title = {{The case for open computer programs}},
volume = {482},
year = {2012}
}
@inproceedings{Spors2010,
author = {Spors, Sascha and Ahrens, Jens},
booktitle = ISCCSP,
title = {{Reproduction of Focused Sources by the Spectral Division Method}},
year = {2010}
}
@book{DeVries2009,
address = {New York},
author = {de Vries, Diemer},
publisher = {Audio Engineering Society},
title = {{Wave Field Synthesis}},
year = {2009}
}
@article{Carr1990,
author = {Carr, C E and Konishi, M},
journal = {The Journal of Neuroscience},
number = {10},
pages = {3227--46},
title = {{A circuit for detection of interaural time differences in the brain stem of the barn owl.}},
volume = {10},
year = {1990}
}
@article{Talbot2011a,
author = {Talbot, Konrad and Louneva, Natalia and Cohen, Julia W and Kazi, Hala and Blake, Derek J and Arnold, Steven E},
journal = {PLoS ONE},
number = {3},
pages = {e16886},
title = {{Synaptic dysbindin-1 reductions in schizophrenia occur in an isoform-specific manner indicating their subsynaptic location.}},
volume = {6},
year = {2011}
}
@inproceedings{Spors2008,
author = {Spors, Sascha and Rabenstein, Rudolf and Ahrens, Jens},
booktitle = AES124,
pages = {Paper 7358},
title = {{The Theory of Wave Field Synthesis Revisited}},
year = {2008}
}
@article{Rayleigh1907,
author = {Strutt, John William},
journal = PM,
number = {74},
pages = {214--32},
title = {{On our perception of sound direction}},
volume = {13},
year = {1907}
}
@article{Berkhout1988,
author = {Berkhout, A.J.},
journal = JAES,
number = {12},
pages = {977--95},
title = {{A holographic approach to acoustic control}},
volume = {36},
year = {1988}
}
@book{Gumerov2004,
address = {Amsterdam},
author = {Gumerov, Nail A. and Duraiswami, Ramani},
publisher = {Elsevier},
title = {{Fast Multipole Methods for the Helmholtz Equation in Three Dimensions}},
year = {2004}
}
@article{Merchel2010,
author = {Merchel, Sebastian and Groth, Stephan},
journal = JAES,
number = {10},
pages = {809--17},
title = {{Adaptively Adjusting the Stereophonic Sweet Spot to the Listenerâ€™s Position}},
volume = {58},
year = {2010}
}
@article{Ewert2000,
author = {Ewert, Stephan D},
journal = JASA,
number = {3},
pages = {1181--96},
title = {{Characterizing frequency selectivity for envelope fluctuations}},
volume = {108},
year = {2000}
}
@report{Hohnerlein2013,
author = {Hohnerlein, Christoph},
institution = {Technische Universit\"{a}t Berlin},
publisher = {Technische Universit\"{a}t Berlin},
title = {{Coloration of virtual sources in Wave Field Synthesis for different loudspeaker spacings}},
year = {2013}
}
@inproceedings{Majdak2008,
author = {Majdak, Piotr and Laback, Bernhard and Goupell, Matthew and Mihocic, Michael},
booktitle = AES124,
pages = {Paper 7407},
title = {{The Accuracy of Localizing Virtual Sound Sources: Effects of Pointing Method and Visual Environment}},
year = {2008}
}
@inproceedings{Majdak2013,
author = {Majdak, Piotr and Carpentier, Thibaut and Nicol, Rozenn and Parmentier, Matthieu and Roginska, Agnieszka and Suzuki, Yoiti and Watanabe, Kanji and Wierstorf, Hagen and Ziegelwanger, Harald and Noisternig, Markus},
booktitle = AES134,
pages = {Paper 8880},
title = {{Spatially Oriented Format for Acoustics: A Data Exchange Format Representing Head-Related Transfer Functions}},
year = {2013}
}
@article{Lax1947,
author = {Lax, M. and Feshbach, Herman},
journal = JASA,
number = {4},
pages = {682--90},
title = {{On the Radiation Problem at High Frequencies}},
volume = {19},
year = {1947}
}
@incollection{Wierstorf2013b,
address = {New York},
author = {Wierstorf, Hagen and Raake, Alexander and Spors, Sascha},
booktitle = {The technology of binaural listening},
editor = {Blauert, J},
pages = {255--78},
publisher = {Springer},
title = {{Binaural assessment of multi-channel reproduction}},
year = {2013}
}
@article{Berkhout1993,
author = {Berkhout, A.J. and de Vries, Diemer and Vogel, Peter},
journal = JASA,
number = {5},
pages = {2764--78},
title = {{Acoustic control by wave field synthesis}},
volume = {93},
year = {1993}
}
@article{Donoho2009,
author = {Donoho, David L. and Maleki, Arian and Rahman, Inam Ur and Shahram, Morteza and Stodden, Victoria},
journal = CSE,
number = {1},
pages = {8--18},
title = {{Reproducible Research in Computational Harmonic Analysis}},
volume = {11},
year = {2009}
}
@phdthesis{Wittek2007,
author = {Wittek, Helmut},
number = {October},
school = {University of Surrey},
title = {{Perceptual differences between wavefield synthesis and stereophony}},
year = {2007}
}
@article{Spors2013a,
author = {Spors, Sascha and Wierstorf, Hagen and Raake, Alexander and Melchior, Frank and Frank, Matthias and Zotter, Franz},
journal = {Proceedings of the IEEE},
number = {9},
pages = {1920--38},
title = {{Spatial Sound With Loudspeakers and Its Perception: A Review of the Current State}},
volume = {101},
year = {2013}
}
@article{May2012,
author = {May, Tobias and van de Par, Steven and Kohlrausch, Armin},
journal = {IEEE Transactions on Audio, Speech, and Language Processing},
number = {7},
pages = {2016--30},
title = {{A Binaural Scene Analyzer for Joint Localization and Recognition of Speakers in the Presence of Interfering Noise Sources and Reverberation}},
volume = {20},
year = {2012}
}
@book{Blauert1997,
author = {Blauert, Jens},
publisher = {The MIT Press},
title = {{Spatial Hearing}},
year = {1997}
}
@book{Born1999,
author = {Born, Max and Wolf, Emil and Bhatia, AB and Clemmow, PC and Gabor, D and Stokes, AR and Taylor, AM and Wayman, PA and Wilkock, WL},
publisher = {Cambridge University Press},
title = {{Principles of Optics}},
year = {1999}
}
@inproceedings{Ahrens2009d,
author = {Ahrens, Jens and Spors, Sascha},
booktitle = Ambisonics,
title = {{Spatial encoding and decoding of focused virtual sound sources}},
volume = {0},
year = {2009}
}
@inproceedings{Raake2013,
author = {Raake, Alexander and Blauert, Jens},
booktitle = QoMEX,
pages = {76--81},
title = {{Comprehensive modeling of the formation process of sound-quality}},
year = {2013}
}
@article{Blumlein1958,
author = {Blumlein, Alan Dower},
journal = JAES,
number = {2},
pages = {91--98, 130},
title = {{Improvements in and relating to Sound-transmission, Sound-recording and Sound-reproducing Systems}},
volume = {6},
year = {1958}
}
@incollection{Sloboda2009,
address = {New York},
author = {Sloboda, John and Lamont, Alexandra and Greasly, Alinka},
booktitle = {The Oxford Handbook of Music Psychology},
editor = {Hallam, Susan and Cross, Ian and Thaut, Michael},
pages = {431--40},
publisher = {Oxford University Press},
title = {{Choosing to hear music}},
year = {2009}
}
@inproceedings{Frank2008,
author = {Frank, Matthias and Zotter, Franz and Sontacchi, Alois},
booktitle = {VDT International Convention},
title = {{Localization Experiments Using Different 2D Ambisonics Decoders}},
year = {2008}
}
@inproceedings{Geier2008,
author = {Geier, Matthias and Ahrens, Jens and Spors, Sascha},
booktitle = AES124,
pages = {Paper 7330},
title = {{The SoundScape Renderer: A Unified Spatial Audio Reproduction Framework for Arbitrary Rendering Methods}},
year = {2008}
}
@inproceedings{Blauert2003,
author = {Blauert, Jens and Jekosch, Ute},
booktitle = internoise,
title = {{Concepts Behind Sound Quality: Some Basic Considerations}},
year = {2003}
}
@article{Miller1975,
author = {Miller, J R and Carterette, E C},
journal = JASA,
number = {3},
pages = {711--20},
title = {{Perceptual space for musical structures}},
volume = {58},
year = {1975}
}
@book{Colton1983,
address = {New York},
author = {Colton, D and Kress, R},
publisher = {Wiley},
title = {{Integral Equation Methods in Scattering Theory}},
year = {1983}
}
@inproceedings{Fazi2009,
author = {Fazi, Filippo M and Nelson, Philip A and Potthast, Roland},
booktitle = Ambisonics,
title = {{Analogies and differences between three methods for sound field reproduction}},
year = {2009}
}
@phdthesis{Fazi2010,
author = {Fazi, Filippo M},
title = {{Sound Field Reproduction}},
school = {University of Southampton},
year = {2010}
}
@incollection{Sondergaard2013,
address = {New York},
author = {S\o ndergaard, Peter L and Majdak, Piotr},
booktitle = {The technology of binaural listening},
editor = {Blauert, J},
pages = {33--56},
publisher = {Springer},
title = {{The auditory-modeling toolbox}},
year = {2013}
}
@inproceedings{Geier2010a,
author = {Geier, Matthias and Wierstorf, Hagen and Ahrens, Jens and Wechsung, Ina and Raake, Alexander and Spors, Sascha},
booktitle = AES128,
pages = {Paper 8069},
title = {{Perceptual Evaluation of Focused Sources in Wave Field Synthesis}},
year = {2010}
}
@inproceedings{Letowski1989,
author = {Letowski, Tomasz R},
booktitle = AES87,
pages = {Paper 2825},
title = {{Sound quality assessment: concepts and criteria}},
year = {1989}
}
@article{McAlpine2001,
author = {McAlpine, David and Jiang, D and Palmer, a R},
journal = {Nature Neuroscience},
number = {4},
pages = {396--401},
title = {{A neural code for low-frequency sound localization in mammals.}},
volume = {4},
year = {2001}
}
@book{Patel2010,
address = {New York},
author = {Patel, Aniruddh D},
publisher = {Oxford University Press},
title = {{Music, Language And The Brain}},
year = {2010}
}
@article{Steinberg1934,
author = {Steinberg, JC and Snow, William B},
journal = {Bell System Technical Journal},
number = {2},
pages = {245--58},
title = {{Symposium on wire transmission of symphonic music and its reproduction in auditory perspective: Physical Factors}},
volume = {13},
year = {1934}
}
@article{Wu2009,
author = {Wu, Yan Jennifer and Abhayapala, Thushara D},
journal = TASLP,
number = {1},
pages = {107--16},
title = {{Theory and Design of Soundfield Reproduction Using Continuous Loudspeaker Concept}},
volume = {17},
year = {2009}
}
@phdthesis{Theile1980,
author = {Theile, G\"{u}nther},
number = {April},
school = {Technische Universit\"{a}t Berlin},
title = {{\"{U}ber die Lokalisation im \"{u}berlagerten Schallfeld}},
year = {1980}
}
@inproceedings{Olive1995,
author = {Olive, Sean E and Schuck, Peter L and Sally, Sharon L and Bonneville, Marc},
booktitle = AES99,
pages = {Paper 4092},
title = {{The Variability of Loudspeaker Sound Quality Among Four Domestic-Sized Rooms}},
year = {1995}
}
@inproceedings{Wierstorf2012a,
author = {Wierstorf, Hagen and Spors, Sascha},
booktitle = AES132,
pages = {eBrief 50},
title = {{Sound Field Synthesis Toolbox}},
year = {2012}
}
@inproceedings{Wierstorf2014,
author = {Wierstorf, Hagen and Hohnerlein, Christoph and Spors, Sascha and
    Raake, Alexander},
booktitle = AESC55,
pages = {Paper 5.3},
title = {Coloration in Wave Field Synthesis},
year = {2014}
}
@inproceedings{Volk2012,
author = {V\"{o}lk, Florian and Fastl, Hugo},
booktitle = AES133,
pages = {Paper 8717},
title = {{Wave Field Synthesis with Primary Source Correction: Theory, Simulation Results, and Comparison to Earlier Approaches}},
year = {2012}
}
@inproceedings{Zotter2013,
author = {Zotter, Franz and Spors, Sascha},
booktitle = AESC52,
pages = {Paper 1.3},
title = {{Is sound field control determined at all frequencies? How is it related to numerical acoustics?}},
year = {2013}
}
@book{Morse1981,
address = {Minneapolis},
author = {Morse, Philip M. and Feshbach, Herman},
publisher = {Feshbach Publishing},
title = {{Methods of Theoretical Physics}},
year = {1981}
}
@inproceedings{Volk2010,
author = {V\"{o}lk, Florian},
booktitle = DAGA2010,
pages = {1065--66},
title = {{Psychoakustische Experimente zur Distanz mittels Wellenfeldsynthese erzeugter H\"{o}rereignisse}},
year = {2010}
}
@inproceedings{Pulkki2001b,
author = {Pulkki, Ville},
booktitle = AES110,
pages = {Paper 5402},
title = {{Coloration of Amplitude-Panned Virtual Sources}},
year = {2001}
}
@book{Arfken2005,
address = {Amsterdam},
author = {Arfken, George B. and Weber, Hans J.},
publisher = {Elsevier},
title = {{Mathematical Methods for Physicists}},
year = {2005}
}
@inproceedings{Wierstorf2011a,
author = {Wierstorf, Hagen and Geier, Matthias and Raake, Alexander and Spors, Sascha},
booktitle = AES130,
pages = {eBrief 6},
title = {{A Free Database of Head-Related Impulse Response Measurements in the Horizontal Plane with Multiple Distances}},
year = {2011}
}
@article{Rumsey2002a,
author = {Rumsey, Francis},
journal = JAES,
number = {9},
pages = {651--66},
title = {{Spatial Quality Evaluation for Reproduced Sound: Terminology, Meaning, and a Scene-Based Paradigm}},
volume = {50},
year = {2002}
}
@article{Schultz2014,
author = {Schultz, Frank and Spors, Sascha},
title = {{Comparing Approaches to the Spherical and Planar Single Layer
    Potentials for Interior Sound Field Synthesis}},
journal = ACTA,
number = {5},
volume = {100},
pages = {900--11},
year = {2014}
}
@incollection{Stern,
author = {Stern, Richard M},
booktitle = {Hanbook of Perception and Cognition, Volume 6: Hearing},
number = {412},
title = {{Models of binaural interaction}},
volume = {6}
}
@inproceedings{Herrin2003,
author = {Herrin, D W and Martinus, F and Wu, T W and Seybert, A F},
booktitle = {Noise \& Vibration Conference and Exhibition},
title = {{A New Look at the High Frequency Boundary Element and Rayleigh Integral Approximations}},
year = {2003}
}
@article{Ahrens2010a,
author = {Ahrens, Jens and Spors, Sascha},
journal = TASLP,
number = {8},
pages = {2038--50},
title = {{Sound Field Reproduction Using Planar and Linear Arrays of Loudspeakers}},
volume = {18},
year = {2010}
}
@article{Takanen2014,
author = {Takanen, Marko and Santala, Olli and Pulkki, Ville},
journal = {Hearing Research},
pages = {147--163},
publisher = {Elsevier B.V.},
title = {{Visualization of functional count-comparison-based binaural auditory model output}},
volume = {309},
year = {2014}
}
@article{Zahorik2005,
author = {Zahorik, Pavel and Brungart, D S and Bronkhorst, Adelbert W},
journal = {Acta Acustica united with Acustica},
pages = {409--20},
title = {{Auditory Distance Perception in Humans: A Summary of Past and Present Research}},
volume = {91},
year = {2005}
}
@inproceedings{Wierstorf2012c,
author = {Wierstorf, Hagen and Raake, Alexander and Spors, Sascha},
booktitle = AES133,
pages = {Paper 8743},
title = {{Localization of a virtual point source within the listening area for Wave Field Synthesis}},
year = {2012}
}
@inproceedings{Wierstorf2010a,
author = {Wierstorf, Hagen and Spors, Sascha},
booktitle = DAGA2010,
title = {{Die Rolle des Pr\"{a}zedenzeffektes bei der Wahrnehmung von r\"{a}umlichen Aliasingartefakten bei der Wellenfeldsynthese}},
year = {2010}
}
@article{Bronkhorst1999,
author = {Bronkhorst, Adelbert W and Houtgast, T},
journal = Nature,
number = {6719},
pages = {517--20},
title = {{Auditory distance perception in rooms.}},
volume = {397},
year = {1999}
}
@article{Chittka2005,
author = {Chittka, Lars and Brockmann, Axel},
journal = {PLoS Biology},
number = {4},
pages = {e137},
title = {{Perception space--the final frontier.}},
volume = {3},
year = {2005}
}
@article{Knapp1976,
author = {Knapp, Charles K. and Carter, G. Clifford},
journal = {IEEE Transactions on Acoustics, Speech, and Signal Processing},
number = {4},
pages = {320--27},
title = {{The Generalized Correlation Method for Estimation of Time Delay}},
volume = {24},
year = {1976}
}
@article{Moller1992,
author = {M\o ller, Henrik},
journal = {Applied Acoustics},
pages = {171--218},
title = {{Fundamentals of Binaural Technology}},
volume = {36},
year = {1992}
}
@phdthesis{Bruggen2001,
author = {Br\"{u}ggen, Marc},
school = {Ruhr-Universit\"{a}t Bochum},
title = {{Klangverf\"{a}rbungen durch R\"{u}ckw\"{u}rfe und ihre auditive und instrumentelle Kompensation}},
year = {2001}
}
@inproceedings{Rohdenburg2008,
author = {Rohdenburg, Thomas and Goetze, Stefan and Hohmann, Volker and Kammeyer, Karl-Dirk and Kollmeier, Birger},
booktitle = ICASSP,
pages = {2449--52},
title = {{Objective perceptual quality assessment for self-steering binaural hearing aid microphone arrays}},
year = {2008}
}
@inproceedings{Kerber2004,
author = {Kerber, Stefan and Wittek, Helmut and Fastl, Hugo and Theile, G\"{u}nther},
booktitle = DAGA2004,
pages = {1041--42},
title = {{Experimental investigations into the distance perception of nearby sound sources: Real vs. WFS virtual nearby sources}},
year = {2004}
}
@book{Brewer2005,
address = {New York},
author = {Brewer, Cynthia A},
publisher = {ESRI Press},
title = {{Designing Better Maps: A Guide for GIS Users}},
year = {2005}
}
@phdthesis{Park2007,
author = {Park, Munhum},
school = {University of Southampton},
title = {{Models of binaural hearing for sound lateralisation and localisation}},
year = {2007}
}
@book{Ahrens2012,
address = {New York},
author = {Ahrens, Jens},
publisher = {Springer},
title = {{Analytic Methods of Sound Field Synthesis}},
year = {2012}
}
@inproceedings{Horbach1999a,
author = {Horbach, Ulrich and Karamustafaoglu, Attila and Pellegrini, Renato and Mackensen, Philip and Theile, G\"{u}nther},
booktitle = AES106,
pages = {Paper 4976},
title = {{Design and Applications of a Data-based Auralization System for Surround Sound}},
year = {1999}
}
@article{Dietz2008,
author = {Dietz, Mathias and Ewert, Stephan D and Hohmann, Volker and Kollmeier, Birger},
journal = BR,
pages = {234--45},
title = {{Coding of temporally fluctuating interaural timing disparities in a binaural processing model based on phase differences.}},
volume = {1220},
year = {2008}
}
@article{Plomp1967,
author = {Plomp, R and Pols, L C W and van de Geer, J P},
journal = JASA,
number = {3},
pages = {707--12},
title = {{Dimensional Analysis of Vowel Spectra}},
volume = {41},
year = {1967}
}
@article{Ahrens2008a,
author = {Ahrens, Jens and Spors, Sascha},
journal = ActaUnited,
number = {6},
pages = {988--99},
title = {{An Analytical Approach to Sound Field Reproduction Using Circular and Spherical Loudspeaker Distributions}},
volume = {94},
year = {2008}
}
@article{Leakey1959,
author = {Leakey, D. M.},
journal = JASA,
number = {7},
pages = {977--86},
title = {{Some Measurements on the Effects of Interchannel Intensity and Time Differences in Two Channel Sound Systems}},
volume = {31},
year = {1959}
}
@article{Bronkhorst1995,
author = {Bronkhorst, Adelbert W},
journal = JASA,
number = {5},
pages = {2542--53},
title = {{Localization of real and virtual sound sources}},
volume = {98},
year = {1995}
}
@article{Breebaart2001,
author = {Breebaart, Jeroen and van de Par, Steven and Kohlrausch, Armin},
journal = JASA,
number = {2},
pages = {1074--88},
title = {{Binaural processing model based on contralateral inhibition. I. Model structure}},
volume = {110},
year = {2001}
}
@article{McAdams1995,
author = {McAdams, S and Winsberg, S and Donnadieu, S and {De Soete}, G and Krimphoff, J},
journal = {Psychological Research},
number = {3},
pages = {177--92},
title = {{Perceptual scaling of synthesized musical timbres: common dimensions, specificities, and latent subject classes.}},
volume = {58},
year = {1995}
}
@phdthesis{Seeber2003a,
author = {Seeber, Bernhard U},
title = {{Untersuchung der auditiven Lokalisation mit einer Lichtzeigermethode}},
year = {2003}
}
@article{Olive1994,
author = {Olive, Sean E and Schuck, Peter L and Sally, Sharon L and Bonneville, Marc E},
journal = JAES,
number = {9},
pages = {651--69},
title = {{The Effects of Loudspeaker Placement on Listener Preference Ratings}},
volume = {42},
year = {1994}
}
@inproceedings{Olive2007,
author = {Olive, Sean E and Welti, Todd and Martens, Wlilliam L},
booktitle = AES122,
pages = {Paper 7034},
title = {{Listener Loudspeaker Preference Ratings Obtained in situ Match Those Obtained via a Binaural Room Scanning Measurement and Playback System}},
year = {2007}
}
@inproceedings{Lindau2006,
author = {Lindau, Alexander and Weinzierl, Stefan},
booktitle = TonmeisterTagung,
number = {November},
title = {{FABIAN -- An instrument for software-based measurement of binaural room impulse responses in multiple degrees of freedom}},
year = {2006}
}
@inproceedings{Wierstorf2013,
author = {Wierstorf, Hagen and Raake, Alexander and Spors, Sascha},
booktitle = DAGA2013,
title = {{Localization in Wave Field Synthesis and higher order Ambisonics at different positions within the listening area}},
year = {2013}
}
@article{DuMoncel1881a,
author = {du Moncel, Th\'{e}odore},
journal = Nature,
number = {October 20},
pages = {585--89},
title = {{The international exhibition and congress of electricity at Paris}},
year = {1881}
}
@inproceedings{Berg1999,
author = {Berg, Jan and Rumsey, Francis},
booktitle = AESC16,
pages = {51--66},
title = {{Spatial Attribute Identification and Scaling by Repertory Grid Technique and other methods}},
year = {1999}
}
@book{Huygens1912,
address = {London},
author = {Huygens, Christiaan},
editor = {Thompson, Silvanus P},
publisher = {Macmillan \& Co},
title = {{Treatise on Light}},
year = {1912}
}
@article{Hohmann2002,
author = {Hohmann, Volker},
journal = ActaUnited,
number = {3},
pages = {433--42},
title = {{Frequency analysis and synthesis using a Gammatone filterbank}},
volume = {88},
year = {2002}
}
@phdthesis{Start1997,
author = {Start, Evert W},
school = {Technische Universiteit Delft},
title = {{Direct Sound Enhancement by Wave Field Synthesis}},
year = {1997}
}
@phdthesis{Raatgever1980,
author = {Raatgever, J},
school = {Technische Universiteit Delft},
title = {{On the binaural processing of stimuli with different interaural phase relations}},
year = {1980}
}
@article{Faller2004,
author = {Faller, Christof and Merimaa, Juha},
journal = JASA,
number = {5},
pages = {3075--89},
title = {{Source localization in complex listening situations: Selection of binaural cues based on interaural coherence}},
volume = {116},
year = {2004}
}
@book{Abramowitz1972,
address = {Washington},
author = {Abramowitz, Milton and Stegun, Irene A},
publisher = {National Bureau of Standards},
title = {{Handbook of Mathematical Functions}},
year = {1972}
}
@incollection{Marquardt2007,
author = {Marquardt, Torsten and McAlpine, David},
booktitle = {Hearing - From Sensory Processing to Perception},
pages = {312--18},
title = {{A pi-limit for coding ITDs: implications for binaural models}},
year = {2007}
}
@article{Abbe1880,
author = {Abbe, Ernst},
journal = {Journal of the Royal Microscopical Society},
pages = {20--31},
title = {{III.â€”Some Remarks on the Apertometer}},
volume = {3},
year = {1880}
}
@article{Rumsey2005,
author = {Rumsey, Francis and Zielinski, Slawomir and Kassier, R and Bech, S\o ren},
journal = JASA,
number = {2},
pages = {968--76},
title = {{On the relative importance of spatial and timbral fidelities in judgments of degraded multichannel audio quality}},
volume = {118},
year = {2005}
}
@article{Goupell2006,
author = {Goupell, Matthew J. and Hartmann, William M.},
journal = JASA,
number = {6},
pages = {3971--86},
title = {{Interaural fluctuations and the detection of interaural incoherence: Bandwidth effects}},
volume = {119},
year = {2006}
}
@phdthesis{DeBrujin2004,
author = {de Bruijn, Werner P J},
school = {Technische Universiteit Delft},
title = {{Application of Wave Field Synthesis in Videoconferencing}},
year = {2004}
}
@article{Lewald2000,
author = {Lewald, J and D\"{o}rrscheidt, G J and Ehrenstein, W H},
journal = BBR,
number = {2},
pages = {105--25},
title = {{Sound localization with eccentric head position.}},
volume = {108},
year = {2000}
}
@book{Williams1999,
address = {San Diego},
author = {Williams, Earl G},
publisher = {Academic Press},
title = {{Fourier Acoustics}},
year = {1999}
}
@inproceedings{Moreland2009,
author = {Moreland, Kenneth},
booktitle = ISVC,
pages = {92--103},
title = {{Diverging Color Maps for Scientific Visualization}},
year = {2009}
}
@article{Wierstorf2013a,
author = {Wierstorf, Hagen and Geier, Matthias and Raake, Alexander and Spors, Sascha},
journal = JAES,
number = {1},
pages = {5--16},
title = {{Perception of Focused Sources in Wave Field Synthesis}},
volume = {61},
year = {2013}
}
@article{Solvang2008,
author = {Solvang, Audun},
journal = JAES,
number = {4},
pages = {267--79},
title = {{Spectral Impairment for Two-Dimensional Higher Order Ambisonics}},
volume = {56},
year = {2008}
}
@inproceedings{Hamasaki2005,
author = {Hamasaki, Kimio and Hiyama, Koichiro and Okumura, Hiraku},
booktitle = AES118,
pages = {Paper 6406},
title = {{The 22.2 Multichannel Sound System and Its Application}},
year = {2005}
}
@phdthesis{Vogel1993,
author = {Vogel, Peter},
school = {Technische Universiteit Delft},
title = {{Application of Wave Field Synthesis in Room Acoustics}},
year = {1993}
}
@book{Bracewell2000,
address = {Boston},
author = {Bracewell, Ronald N},
publisher = {McGraw Hill},
title = {{The Fourier Transform and its Applications}},
year = {2000}
}
@article{Avni2013,
author = {Avni, Amir and Ahrens, Jens and Geier, Matthias and Spors, Sascha and Wierstorf, Hagen and Rafaely, Boaz},
journal = JASA,
number = {5},
pages = {2711--21},
title = {{Spatial perception of sound fields recorded by spherical microphone arrays with varying spatial resolution}},
volume = {133},
year = {2013}
}
@article{Litovsky1999,
author = {Litovsky, Ruth Y and Colburn, H. Steven and Yost, William A and Guzman, S J},
journal = JASA,
number = {4},
pages = {1633--54},
title = {{The precedence effect.}},
volume = {106},
year = {1999}
}
@article{Hartmann1996,
author = {Hartmann, William M and Wittenberg, Andrew},
journal = JASA,
number = {6},
pages = {3678--88},
title = {{On the externalization of sound images.}},
volume = {99},
year = {1996}
}
@inproceedings{Corteel2006,
author = {Corteel, Etienne},
booktitle = DAFX,
title = {{On the use of irregularly spaced loudspeaker arrays for wave field synthesis, potential impact on spatial aliasing frequency}},
year = {2006}
}
@article{Algazi2001b,
author = {Algazi, V Ralph and Avendano, Carlos and Duda, Richard O},
journal = JAES,
number = {6},
pages = {472--79},
title = {{Estimation of a Spherical-Head Model from Anthropometry}},
volume = {49},
year = {2001}
}
@article{Lindau2012,
author = {Lindau, Alexander and Weinzierl, Stefan},
journal = {Acta Acustica united with Acustica},
number = {5},
pages = {804--10},
title = {{Assessing the Plausibility of Virtual Acoustic Environments}},
volume = {98},
year = {2012}
}
@article{Kubovy2001,
author = {Kubovy, Michael and {Van Valkenburg}, David Van},
journal = Cognition,
number = {1-2},
pages = {97--126},
title = {{Auditory and visual objects.}},
volume = {80},
year = {2001}
}
@misc{ANSI1994,
address = {New York},
author = {ANSI},
publisher = {American National Standards Institute},
title = {{American National Standard Acoustical Terminology, ANSI S1.1-1994}},
year = {1994}
}
@article{Cumming2007,
author = {Cumming, Geoff and Fidler, Fiona and Vaux, David L},
institution = {School of Psychological Science and 2Department of Biochemistry, La Trobe University, Melbourne, Victoria, Australia 3086. g.cumming@latrobe.edu.au},
journal = JCB,
number = {1},
pages = {7--11},
publisher = {The Rockefeller University Press},
title = {{Error bars in experimental biology.}},
volume = {177},
year = {2007}
}
@inproceedings{Wierstorf2012b,
author = {Wierstorf, Hagen and Spors, Sascha and Raake, Alexander},
booktitle = {59th Open Seminar on Acoustics},
title = {{Perception and evaluation of sound fields}},
year = {2012}
}
@article{Brungart1999,
author = {Brungart, D S and Rabinowitz, W M},
journal = JASA,
number = {3 Pt 1},
pages = {1465--79},
title = {{Auditory localization of nearby sources. Head-related transfer functions.}},
volume = {106},
year = {1999}
}
@article{Puria2003,
author = {Puria, Sunil},
journal = JASA,
number = {5},
pages = {2773--89},
title = {{Measurements of human middle ear forward and reverse acoustics: Implications for otoacoustic emissions}},
volume = {113},
year = {2003}
}
@book{Wang2006,
address = {Hoboken},
editor = {Wang, D. and Brown, Guy J.},
publisher = {Wiley},
title = {{Computational Auditory Scene Analysis: Principles, Algorithms and Applications}},
year = {2006}
}
@article{Muir1982,
author = {Lucas, Bernard G and Muir, Thomas G},
journal = JASA,
number = {4},
pages = {1289--96},
title = {{The field of a focusing source}},
volume = {72},
year = {1982}
}
@article{Koenig1950,
author = {Koenig, W},
journal = JASA,
number = {1},
pages = {61--62},
title = {{Subjective Effects in Binaural Hearing}},
volume = {22},
year = {1950}
}
@incollection{Berkley1987,
address = {New York},
author = {Berkley, D A},
booktitle = {Directional Hearing},
editor = {Yost, William A and Gourevitch, G},
pages = {249--60},
publisher = {Springer},
title = {{Hearing in rooms}},
year = {1987}
}
@inproceedings{Olive2007a,
author = {Olive, Sean E and Martens, Wlilliam L},
booktitle = AES123,
pages = {Paper 7196},
title = {{Interaction between Loudspeakers and Room Acoustics Influences Loudspeaker Preferences in Multichannel Audio Reproduction}},
year = {2007}
}
@article{Ruggero1997,
author = {Ruggero, Mario A and Rich, Nola C and Recio, Alberto and Narayan, S Shyamla and Robles, Luis},
journal = JASA,
number = {4},
pages = {2151--63},
title = {{Basilar-membrane responses to tones at the base of the chinchilla cochlea}},
volume = {101},
year = {1997}
}
@inproceedings{Volk2010c,
author = {V\"{o}lk, Florian and Faccinelli, Elias and Fastl, Hugo},
booktitle = DAGA2010,
pages = {1069--70},
title = {{\"{U}berlegungen zu M\"{o}glichkeiten und Grenzen virtueller Wellenfeldsynthese}},
year = {2010}
}
@book{Kelly1955,
address = {New York},
author = {Kelly, George A},
publisher = {Norton},
title = {{The Psychology of Personal Constructs}},
year = {1955}
}
@article{Lindau2008,
author = {Lindau, Alexander and Maempel, Hans-Joachim and Weinzierl, Stefan},
journal = JASA,
number = {5},
pages = {3851--56},
title = {{Minimum BRIR grid resolution for dynamic binaural synthesis}},
volume = {123},
year = {2008}
}
@inproceedings{Spors2010b,
author = {Spors, Sascha and Ahrens, Jens},
booktitle = AESC40,
pages = {Paper 6.3},
title = {{Local Sound Field Synthesis by Virtual Secondary Sources}},
year = {2010}
}
@inproceedings{Takanen2012,
author = {Takanen, Marko and Hiipakka, Marko and Pulkki, Ville},
booktitle = AESC45,
pages = {Paper 3.3},
title = {{Audibility of coloration artifacts in HRTF filter designs}},
year = {2012}
}
@article{Iverson1993,
author = {Iverson, P and Krumhansl, C L},
journal = JASA,
number = {5},
pages = {2595--603},
title = {{Isolating the dynamic attributes of musical timbre}},
volume = {94},
year = {1993}
}
@inproceedings{Spors2013,
author = {Spors, Sascha and Zotter, Franz},
booktitle = {Cutting Edge in Spatial Audio, EAA Winter School},
pages = {32--37},
title = {{Spatial Sound Synthesis with Loudspeakers}},
year = {2013}
}
@phdthesis{Frank2013,
author = {Frank, Matthias},
number = {June},
school = {University of Music and Performing Arts Graz},
title = {{Phantom Sources using Multiple Loudspeakers}},
year = {2013}
}
@article{dErrico2003,
author = {D'Errico, Francesco and Henshilwood, Christopher and Lawson, Graeme and Vanhaeren, Marian and Tillier, Anne-Marie and Soressi, Marie and Bresson, Fr\'{e}d\'{e}rique and Maureille, Bruno and Nowell, April and Lakarra, Joseba and Backwell, Lucinda and Julien, Mich\`{e}le},
journal = {Journal of World Prehistory},
number = {1},
pages = {1--70},
title = {{Archaeological Evidence for the Emergence of Language, Symbolism, and Music -- An Alternative Multidisciplinary Perspective}},
volume = {17},
year = {2003}
}
@article{Dietz2011,
author = {Dietz, Mathias and Ewert, Stephan D and Hohmann, Volker},
journal = SpeechCom,
number = {5},
pages = {592--605},
publisher = {Elsevier B.V.},
title = {{Auditory model based direction estimation of concurrent speakers from binaural signals}},
volume = {53},
year = {2011}
}
@inproceedings{Wierstorf2012,
author = {Wierstorf, Hagen and Raake, Alexander and Spors, Sascha},
booktitle = DAGA2012,
title = {{Psychoakustik der Wellenfeldsynthese: Vor- und Nachteile binauraler Simulation}},
year = {2012}
}
@phdthesis{Oldfield2013,
author = {Oldfield, Robert},
number = {April},
school = {University of Salford},
title = {{The analysis and improvement of focused source reproduction with wave field synthesis}},
year = {2013}
}
@article{Wightman1992,
author = {Wightman, Frederic L and Kistler, D J},
journal = JASA,
number = {3},
pages = {1648--61},
title = {{The dominant role of low-frequency interaural time differences in sound localization.}},
volume = {91},
year = {1992}
}
@article{Bertet2013,
author = {Bertet, St\'{e}phanie and Daniel, J\'{e}r\^{o}me and Parizet, Etienne and Warusfel, Olivier},
journal = ACTA,
number = {4},
pages = {642--57},
title = {{Investigation on Localisation Accuracy for First and Higher Order Ambisonics Reproduced Sound Sources}},
volume = {99},
year = {2013}
}
@article{Volk2010a,
author = {V\"{o}lk, Florian and Straubinger, Martin and Fastl, Hugo},
journal = ICA2010,
title = {{Psychoacoustical experiments on loudness perception in wave field synthesis}},
year = {2010}
}
@inproceedings{Muller2014,
author = {M\"{u}ller, J\"{o}rg and Geier, Matthias and Dicke, Christina and Spors, Sascha},
booktitle = CHI,
title = {{The BoomRoom: Mid-air Direct Interaction with Virtual Sound Sources}},
year = {2014}
}
@article{Pulkki1997,
author = {Pulkki, Ville},
journal = JAES,
number = {6},
pages = {456--66},
title = {{Virtual Sound Source Positioning Using Vector Base Amplitude Panning}},
volume = {45},
year = {1997}
}
@inproceedings{Erbes2013,
author = {Erbes, Vera and Schultz, Frank and Lindau, Alexander and Weinzierl, Stefan},
booktitle = DAGA2013,
title = {{An extraaural headphone system for optimized binaural reproduction}},
year = {2013}
}
@article{Lindemann1986,
author = {Lindemann, W},
journal = JASA,
number = {6},
pages = {1608--22},
title = {{Extension of a binaural cross-correlation model by contralateral inhibition. I. Simulation of lateralization for stationary signals.}},
volume = {80},
year = {1986}
}
@article{Mills1958,
author = {Mills, A W},
journal = JASA,
number = {4},
pages = {237--46},
title = {{On the minimum audible angle}},
volume = {30},
year = {1958}
}
@inproceedings{Nicol1999,
author = {Nicol, Rozenn and Emerit, Marc},
booktitle = AESC16,
pages = {436--53},
title = {{3D-sound reproduction over an extensive listening area: a hybrid method derived from holophony and ambisonics}},
year = {1999}
}
@inproceedings{Puckette1996,
author = {Puckette, Miller S},
booktitle = {Second Intercollege Computer Music Concerts},
pages = {37--41},
title = {{Pure Data: another integrated computer music environment}},
year = {1996}
}
@inproceedings{Lindau2007a,
author = {Lindau, Alexander and Hohn, Torben and Weinzierl, Stefan},
booktitle = AES122,
pages = {Paper 7032},
title = {{Binaural resynthesis for comparative studies of acoustical environments}},
year = {2007}
}
